<?xml version="1.0" encoding="UTF-8"?><collection xmlns="http://www.loc.gov/MARC21/slim"><record><leader>00602nam--2200193-i-4500</leader><controlfield tag="001">000017809</controlfield><controlfield tag="002">20161230</controlfield><controlfield tag="005">20161230201032</controlfield><controlfield tag="008">060222s1000------------r-----000-0-eng-d</controlfield><datafield ind1=" " ind2=" " tag="020"><subfield code="a">0080216048</subfield></datafield><datafield ind1=" " ind2=" " tag="040"><subfield code="a">IFIN-HH</subfield></datafield><datafield ind1=" " ind2=" " tag="080"><subfield code="a">539.164.5/6</subfield></datafield><datafield ind1="1" ind2=" " tag="100"><subfield code="a">Andersen, H.H</subfield></datafield><datafield ind1="1" ind2="0" tag="245"><subfield code="a">Bibliography and index of experimental range and stopping power data</subfield><subfield code="b">Volume 2 the stopping and ranges of ions in matter</subfield><subfield code="c">H.h. andersen</subfield></datafield><datafield ind1=" " ind2=" " tag="260"><subfield code="a">New York</subfield><subfield code="b">Pergamon Press</subfield><subfield code="c">1977</subfield></datafield><datafield ind1=" " ind2=" " tag="300"><subfield code="a">207 P</subfield></datafield><datafield ind1=" " ind2=" " tag="490"><subfield code="a">The Stopping And Ranges Of Ions In Matter</subfield></datafield><datafield ind1=" " ind2=" " tag="852"><subfield code="a">47013</subfield><subfield code="c">539</subfield></datafield><datafield ind1=" " ind2=" " tag="CAT"><subfield code="a">Sys</subfield><subfield code="c">20111012</subfield><subfield code="h">105524</subfield></datafield></record></collection>